@Article{landc,
	title = 	{Logic and Cognition: the Faces of Psychologism},
	author = 	{Mariusz Urba\'{n}ski},
	journal = 	{Logic and Logical Philosophy},
	year = 		{2011},
	volume = 	{20},
	pages = 	{175-185},
}